%YAML 1.1
%TAG !u! tag:unity3d.com,2011:
--- !u!29 &1
OcclusionCullingSettings:
  m_ObjectHideFlags: 0
  serializedVersion: 2
  m_OcclusionBakeSettings:
    smallestOccluder: 5
    smallestHole: 0.25
    backfaceThreshold: 100
  m_SceneGUID: 00000000000000000000000000000000
  m_OcclusionCullingData: {fileID: 0}
--- !u!104 &2
RenderSettings:
  m_ObjectHideFlags: 0
  serializedVersion: 9
  m_Fog: 0
  m_FogColor: {r: 0.5, g: 0.5, b: 0.5, a: 1}
  m_FogMode: 3
  m_FogDensity: 0.01
  m_LinearFogStart: 0
  m_LinearFogEnd: 300
  m_AmbientSkyColor: {r: 0.212, g: 0.227, b: 0.259, a: 1}
  m_AmbientEquatorColor: {r: 0.114, g: 0.125, b: 0.133, a: 1}
  m_AmbientGroundColor: {r: 0.047, g: 0.043, b: 0.035, a: 1}
  m_AmbientIntensity: 1
  m_AmbientMode: 3
  m_SubtractiveShadowColor: {r: 0.42, g: 0.478, b: 0.627, a: 1}
  m_SkyboxMaterial: {fileID: 0}
  m_HaloStrength: 0.5
  m_FlareStrength: 1
  m_FlareFadeSpeed: 3
  m_HaloTexture: {fileID: 0}
  m_SpotCookie: {fileID: 10001, guid: 0000000000000000e000000000000000, type: 0}
  m_DefaultReflectionMode: 0
  m_DefaultReflectionResolution: 128
  m_ReflectionBounces: 1
  m_ReflectionIntensity: 1
  m_CustomReflection: {fileID: 0}
  m_Sun: {fileID: 0}
  m_IndirectSpecularColor: {r: 0, g: 0, b: 0, a: 1}
  m_UseRadianceAmbientProbe: 0
--- !u!157 &3
LightmapSettings:
  m_ObjectHideFlags: 0
  serializedVersion: 11
  m_GIWorkflowMode: 1
  m_GISettings:
    serializedVersion: 2
    m_BounceScale: 1
    m_IndirectOutputScale: 1
    m_AlbedoBoost: 1
    m_EnvironmentLightingMode: 0
    m_EnableBakedLightmaps: 0
    m_EnableRealtimeLightmaps: 0
  m_LightmapEditorSettings:
    serializedVersion: 12
    m_Resolution: 2
    m_BakeResolution: 40
    m_AtlasSize: 1024
    m_AO: 0
    m_AOMaxDistance: 1
    m_CompAOExponent: 1
    m_CompAOExponentDirect: 0
    m_ExtractAmbientOcclusion: 0
    m_Padding: 2
    m_LightmapParameters: {fileID: 0}
    m_LightmapsBakeMode: 1
    m_TextureCompression: 1
    m_FinalGather: 0
    m_FinalGatherFiltering: 1
    m_FinalGatherRayCount: 256
    m_ReflectionCompression: 2
    m_MixedBakeMode: 2
    m_BakeBackend: 0
    m_PVRSampling: 1
    m_PVRDirectSampleCount: 32
    m_PVRSampleCount: 500
    m_PVRBounces: 2
    m_PVREnvironmentSampleCount: 500
    m_PVREnvironmentReferencePointCount: 2048
    m_PVRFilteringMode: 2
    m_PVRDenoiserTypeDirect: 0
    m_PVRDenoiserTypeIndirect: 0
    m_PVRDenoiserTypeAO: 0
    m_PVRFilterTypeDirect: 0
    m_PVRFilterTypeIndirect: 0
    m_PVRFilterTypeAO: 0
    m_PVREnvironmentMIS: 0
    m_PVRCulling: 1
    m_PVRFilteringGaussRadiusDirect: 1
    m_PVRFilteringGaussRadiusIndirect: 5
    m_PVRFilteringGaussRadiusAO: 2
    m_PVRFilteringAtrousPositionSigmaDirect: 0.5
    m_PVRFilteringAtrousPositionSigmaIndirect: 2
    m_PVRFilteringAtrousPositionSigmaAO: 1
    m_ExportTrainingData: 0
    m_TrainingDataDestination: TrainingData
  m_LightingDataAsset: {fileID: 0}
  m_UseShadowmask: 1
--- !u!196 &4
NavMeshSettings:
  serializedVersion: 2
  m_ObjectHideFlags: 0
  m_BuildSettings:
    serializedVersion: 2
    agentTypeID: 0
    agentRadius: 0.5
    agentHeight: 2
    agentSlope: 45
    agentClimb: 0.4
    ledgeDropHeight: 0
    maxJumpAcrossDistance: 0
    minRegionArea: 2
    manualCellSize: 0
    cellSize: 0.16666667
    manualTileSize: 0
    tileSize: 256
    accuratePlacement: 0
    debug:
      m_Flags: 0
  m_NavMeshData: {fileID: 0}
--- !u!1 &116940894 stripped
GameObject:
  m_CorrespondingSourceObject: {fileID: 3952501329230947658, guid: 10d0b9d49a8e3df4da203ec39ddb952c,
    type: 3}
  m_PrefabInstance: {fileID: 3952501329144415508}
  m_PrefabAsset: {fileID: 0}
--- !u!114 &116940895 stripped
MonoBehaviour:
  m_CorrespondingSourceObject: {fileID: 3952501329230947659, guid: 10d0b9d49a8e3df4da203ec39ddb952c,
    type: 3}
  m_PrefabInstance: {fileID: 3952501329144415508}
  m_PrefabAsset: {fileID: 0}
  m_GameObject: {fileID: 116940894}
  m_Enabled: 1
  m_EditorHideFlags: 0
  m_Script: {fileID: 11500000, guid: fa5a272b370f52e4b8680755dad1466c, type: 3}
  m_Name: 
  m_EditorClassIdentifier: 
--- !u!1 &125572662 stripped
GameObject:
  m_CorrespondingSourceObject: {fileID: 4519803184584408363, guid: f2740f52a774ec04bb1240ada02f7239,
    type: 3}
  m_PrefabInstance: {fileID: 4519803184464079645}
  m_PrefabAsset: {fileID: 0}
--- !u!114 &125572663 stripped
MonoBehaviour:
  m_CorrespondingSourceObject: {fileID: 4519803184584408362, guid: f2740f52a774ec04bb1240ada02f7239,
    type: 3}
  m_PrefabInstance: {fileID: 4519803184464079645}
  m_PrefabAsset: {fileID: 0}
  m_GameObject: {fileID: 125572662}
  m_Enabled: 1
  m_EditorHideFlags: 0
  m_Script: {fileID: 11500000, guid: 5fdc45369b98e5646886a1bf6b7f67eb, type: 3}
  m_Name: 
  m_EditorClassIdentifier: 
--- !u!1 &269482106 stripped
GameObject:
  m_CorrespondingSourceObject: {fileID: 8895342876122558838, guid: a1317bab52ab5904da9dece6c598b471,
    type: 3}
  m_PrefabInstance: {fileID: 8895342875854358796}
  m_PrefabAsset: {fileID: 0}
--- !u!114 &269482107 stripped
MonoBehaviour:
  m_CorrespondingSourceObject: {fileID: 8895342876122558839, guid: a1317bab52ab5904da9dece6c598b471,
    type: 3}
  m_PrefabInstance: {fileID: 8895342875854358796}
  m_PrefabAsset: {fileID: 0}
  m_GameObject: {fileID: 269482106}
  m_Enabled: 1
  m_EditorHideFlags: 0
  m_Script: {fileID: 11500000, guid: 5fdc45369b98e5646886a1bf6b7f67eb, type: 3}
  m_Name: 
  m_EditorClassIdentifier: 
--- !u!114 &333467430 stripped
MonoBehaviour:
  m_CorrespondingSourceObject: {fileID: 9139810726953613549, guid: 5dcd48d954108c54d857a16bd24a823d,
    type: 3}
  m_PrefabInstance: {fileID: 9139810727211546571}
  m_PrefabAsset: {fileID: 0}
  m_GameObject: {fileID: 0}
  m_Enabled: 1
  m_EditorHideFlags: 0
  m_Script: {fileID: 11500000, guid: f4688fdb7df04437aeb418b961361dc5, type: 3}
  m_Name: 
  m_EditorClassIdentifier: 
--- !u!1 &1336901679 stripped
GameObject:
  m_CorrespondingSourceObject: {fileID: 6056795976944026289, guid: 02969240490cc3d4e84e1dfc8003214a,
    type: 3}
  m_PrefabInstance: {fileID: 6056795975780663966}
  m_PrefabAsset: {fileID: 0}
--- !u!114 &1711428594 stripped
MonoBehaviour:
  m_CorrespondingSourceObject: {fileID: 6227412569250498955, guid: ef7d80ea36cb74643bbfbc583fbbc995,
    type: 3}
  m_PrefabInstance: {fileID: 6227412568747072121}
  m_PrefabAsset: {fileID: 0}
  m_GameObject: {fileID: 0}
  m_Enabled: 1
  m_EditorHideFlags: 0
  m_Script: {fileID: 11500000, guid: 32f5fb646175f294fbcb56b69cec46e0, type: 3}
  m_Name: 
  m_EditorClassIdentifier: 
--- !u!114 &1928445081 stripped
MonoBehaviour:
  m_CorrespondingSourceObject: {fileID: 6227412569570240224, guid: ef7d80ea36cb74643bbfbc583fbbc995,
    type: 3}
  m_PrefabInstance: {fileID: 6227412568747072121}
  m_PrefabAsset: {fileID: 0}
  m_GameObject: {fileID: 0}
  m_Enabled: 1
  m_EditorHideFlags: 0
  m_Script: {fileID: 11500000, guid: 73085acb0fba9bc4a9f0522ea57635b5, type: 3}
  m_Name: 
  m_EditorClassIdentifier: 
--- !u!1001 &1568037207461992028
PrefabInstance:
  m_ObjectHideFlags: 0
  serializedVersion: 2
  m_Modification:
    m_TransformParent: {fileID: 0}
    m_Modifications:
    - target: {fileID: 1568037207701958176, guid: 8ef5ff54f2e0cdb4abcd161b480e20a7,
        type: 3}
      propertyPath: m_Name
      value: Main Camera
      objectReference: {fileID: 0}
    - target: {fileID: 1568037207701958364, guid: 8ef5ff54f2e0cdb4abcd161b480e20a7,
        type: 3}
      propertyPath: m_LocalPosition.x
      value: 0.77
      objectReference: {fileID: 0}
    - target: {fileID: 1568037207701958364, guid: 8ef5ff54f2e0cdb4abcd161b480e20a7,
        type: 3}
      propertyPath: m_LocalPosition.y
      value: -0.33
      objectReference: {fileID: 0}
    - target: {fileID: 1568037207701958364, guid: 8ef5ff54f2e0cdb4abcd161b480e20a7,
        type: 3}
      propertyPath: m_LocalPosition.z
      value: -10
      objectReference: {fileID: 0}
    - target: {fileID: 1568037207701958364, guid: 8ef5ff54f2e0cdb4abcd161b480e20a7,
        type: 3}
      propertyPath: m_LocalRotation.x
      value: 0
      objectReference: {fileID: 0}
    - target: {fileID: 1568037207701958364, guid: 8ef5ff54f2e0cdb4abcd161b480e20a7,
        type: 3}
      propertyPath: m_LocalRotation.y
      value: 0
      objectReference: {fileID: 0}
    - target: {fileID: 1568037207701958364, guid: 8ef5ff54f2e0cdb4abcd161b480e20a7,
        type: 3}
      propertyPath: m_LocalRotation.z
      value: 0
      objectReference: {fileID: 0}
    - target: {fileID: 1568037207701958364, guid: 8ef5ff54f2e0cdb4abcd161b480e20a7,
        type: 3}
      propertyPath: m_LocalRotation.w
      value: 1
      objectReference: {fileID: 0}
    - target: {fileID: 1568037207701958364, guid: 8ef5ff54f2e0cdb4abcd161b480e20a7,
        type: 3}
      propertyPath: m_RootOrder
      value: 0
      objectReference: {fileID: 0}
    - target: {fileID: 1568037207701958364, guid: 8ef5ff54f2e0cdb4abcd161b480e20a7,
        type: 3}
      propertyPath: m_LocalEulerAnglesHint.x
      value: 0
      objectReference: {fileID: 0}
    - target: {fileID: 1568037207701958364, guid: 8ef5ff54f2e0cdb4abcd161b480e20a7,
        type: 3}
      propertyPath: m_LocalEulerAnglesHint.y
      value: 0
      objectReference: {fileID: 0}
    - target: {fileID: 1568037207701958364, guid: 8ef5ff54f2e0cdb4abcd161b480e20a7,
        type: 3}
      propertyPath: m_LocalEulerAnglesHint.z
      value: 0
      objectReference: {fileID: 0}
    m_RemovedComponents: []
  m_SourcePrefab: {fileID: 100100000, guid: 8ef5ff54f2e0cdb4abcd161b480e20a7, type: 3}
--- !u!1001 &2173312324915914418
PrefabInstance:
  m_ObjectHideFlags: 0
  serializedVersion: 2
  m_Modification:
    m_TransformParent: {fileID: 0}
    m_Modifications:
    - target: {fileID: 2173312323252726236, guid: ab478da161ccca6498d73cc80ffa76c6,
        type: 3}
      propertyPath: m_Name
      value: GridSystem
      objectReference: {fileID: 0}
    - target: {fileID: 2173312323252726237, guid: ab478da161ccca6498d73cc80ffa76c6,
        type: 3}
      propertyPath: m_LocalPosition.x
      value: 1.379849
      objectReference: {fileID: 0}
    - target: {fileID: 2173312323252726237, guid: ab478da161ccca6498d73cc80ffa76c6,
        type: 3}
      propertyPath: m_LocalPosition.y
      value: 2.0748467
      objectReference: {fileID: 0}
    - target: {fileID: 2173312323252726237, guid: ab478da161ccca6498d73cc80ffa76c6,
        type: 3}
      propertyPath: m_LocalPosition.z
      value: 0
      objectReference: {fileID: 0}
    - target: {fileID: 2173312323252726237, guid: ab478da161ccca6498d73cc80ffa76c6,
        type: 3}
      propertyPath: m_LocalRotation.x
      value: 0
      objectReference: {fileID: 0}
    - target: {fileID: 2173312323252726237, guid: ab478da161ccca6498d73cc80ffa76c6,
        type: 3}
      propertyPath: m_LocalRotation.y
      value: 0
      objectReference: {fileID: 0}
    - target: {fileID: 2173312323252726237, guid: ab478da161ccca6498d73cc80ffa76c6,
        type: 3}
      propertyPath: m_LocalRotation.z
      value: 0
      objectReference: {fileID: 0}
    - target: {fileID: 2173312323252726237, guid: ab478da161ccca6498d73cc80ffa76c6,
        type: 3}
      propertyPath: m_LocalRotation.w
      value: 1
      objectReference: {fileID: 0}
    - target: {fileID: 2173312323252726237, guid: ab478da161ccca6498d73cc80ffa76c6,
        type: 3}
      propertyPath: m_RootOrder
      value: 1
      objectReference: {fileID: 0}
    - target: {fileID: 2173312323252726237, guid: ab478da161ccca6498d73cc80ffa76c6,
        type: 3}
      propertyPath: m_LocalEulerAnglesHint.x
      value: 0
      objectReference: {fileID: 0}
    - target: {fileID: 2173312323252726237, guid: ab478da161ccca6498d73cc80ffa76c6,
        type: 3}
      propertyPath: m_LocalEulerAnglesHint.y
      value: 0
      objectReference: {fileID: 0}
    - target: {fileID: 2173312323252726237, guid: ab478da161ccca6498d73cc80ffa76c6,
        type: 3}
      propertyPath: m_LocalEulerAnglesHint.z
      value: 0
      objectReference: {fileID: 0}
    m_RemovedComponents: []
  m_SourcePrefab: {fileID: 100100000, guid: ab478da161ccca6498d73cc80ffa76c6, type: 3}
--- !u!1001 &3952501329144415508
PrefabInstance:
  m_ObjectHideFlags: 0
  serializedVersion: 2
  m_Modification:
    m_TransformParent: {fileID: 0}
    m_Modifications:
    - target: {fileID: 3952501329230947658, guid: 10d0b9d49a8e3df4da203ec39ddb952c,
        type: 3}
      propertyPath: m_Name
      value: LevelManager
      objectReference: {fileID: 0}
    - target: {fileID: 3952501329230947700, guid: 10d0b9d49a8e3df4da203ec39ddb952c,
        type: 3}
      propertyPath: m_LocalPosition.x
      value: -4.268755
      objectReference: {fileID: 0}
    - target: {fileID: 3952501329230947700, guid: 10d0b9d49a8e3df4da203ec39ddb952c,
        type: 3}
      propertyPath: m_LocalPosition.y
      value: 2.2762547
      objectReference: {fileID: 0}
    - target: {fileID: 3952501329230947700, guid: 10d0b9d49a8e3df4da203ec39ddb952c,
        type: 3}
      propertyPath: m_LocalPosition.z
      value: -3.8554688
      objectReference: {fileID: 0}
    - target: {fileID: 3952501329230947700, guid: 10d0b9d49a8e3df4da203ec39ddb952c,
        type: 3}
      propertyPath: m_LocalRotation.x
      value: 0
      objectReference: {fileID: 0}
    - target: {fileID: 3952501329230947700, guid: 10d0b9d49a8e3df4da203ec39ddb952c,
        type: 3}
      propertyPath: m_LocalRotation.y
      value: 0
      objectReference: {fileID: 0}
    - target: {fileID: 3952501329230947700, guid: 10d0b9d49a8e3df4da203ec39ddb952c,
        type: 3}
      propertyPath: m_LocalRotation.z
      value: 0
      objectReference: {fileID: 0}
    - target: {fileID: 3952501329230947700, guid: 10d0b9d49a8e3df4da203ec39ddb952c,
        type: 3}
      propertyPath: m_LocalRotation.w
      value: 1
      objectReference: {fileID: 0}
    - target: {fileID: 3952501329230947700, guid: 10d0b9d49a8e3df4da203ec39ddb952c,
        type: 3}
      propertyPath: m_RootOrder
      value: 4
      objectReference: {fileID: 0}
    - target: {fileID: 3952501329230947700, guid: 10d0b9d49a8e3df4da203ec39ddb952c,
        type: 3}
      propertyPath: m_LocalEulerAnglesHint.x
      value: 0
      objectReference: {fileID: 0}
    - target: {fileID: 3952501329230947700, guid: 10d0b9d49a8e3df4da203ec39ddb952c,
        type: 3}
      propertyPath: m_LocalEulerAnglesHint.y
      value: 0
      objectReference: {fileID: 0}
    - target: {fileID: 3952501329230947700, guid: 10d0b9d49a8e3df4da203ec39ddb952c,
        type: 3}
      propertyPath: m_LocalEulerAnglesHint.z
      value: 0
      objectReference: {fileID: 0}
    m_RemovedComponents: []
  m_SourcePrefab: {fileID: 100100000, guid: 10d0b9d49a8e3df4da203ec39ddb952c, type: 3}
--- !u!1001 &4519803184464079645
PrefabInstance:
  m_ObjectHideFlags: 0
  serializedVersion: 2
  m_Modification:
    m_TransformParent: {fileID: 0}
    m_Modifications:
    - target: {fileID: 4519803183994788572, guid: f2740f52a774ec04bb1240ada02f7239,
        type: 3}
      propertyPath: m_Name
      value: PinkObjects
      objectReference: {fileID: 0}
    - target: {fileID: 4519803183994788575, guid: f2740f52a774ec04bb1240ada02f7239,
        type: 3}
      propertyPath: m_LocalPosition.x
      value: 5.4973574
      objectReference: {fileID: 0}
    - target: {fileID: 4519803183994788575, guid: f2740f52a774ec04bb1240ada02f7239,
        type: 3}
      propertyPath: m_LocalPosition.y
      value: -3.6608596
      objectReference: {fileID: 0}
    - target: {fileID: 4519803183994788575, guid: f2740f52a774ec04bb1240ada02f7239,
        type: 3}
      propertyPath: m_LocalPosition.z
      value: -2.151617
      objectReference: {fileID: 0}
    - target: {fileID: 4519803183994788575, guid: f2740f52a774ec04bb1240ada02f7239,
        type: 3}
      propertyPath: m_LocalRotation.x
      value: 0
      objectReference: {fileID: 0}
    - target: {fileID: 4519803183994788575, guid: f2740f52a774ec04bb1240ada02f7239,
        type: 3}
      propertyPath: m_LocalRotation.y
      value: 0
      objectReference: {fileID: 0}
    - target: {fileID: 4519803183994788575, guid: f2740f52a774ec04bb1240ada02f7239,
        type: 3}
      propertyPath: m_LocalRotation.z
      value: 0
      objectReference: {fileID: 0}
    - target: {fileID: 4519803183994788575, guid: f2740f52a774ec04bb1240ada02f7239,
        type: 3}
      propertyPath: m_LocalRotation.w
      value: 1
      objectReference: {fileID: 0}
    - target: {fileID: 4519803183994788575, guid: f2740f52a774ec04bb1240ada02f7239,
        type: 3}
      propertyPath: m_RootOrder
      value: 7
      objectReference: {fileID: 0}
    - target: {fileID: 4519803183994788575, guid: f2740f52a774ec04bb1240ada02f7239,
        type: 3}
      propertyPath: m_LocalEulerAnglesHint.x
      value: 0
      objectReference: {fileID: 0}
    - target: {fileID: 4519803183994788575, guid: f2740f52a774ec04bb1240ada02f7239,
        type: 3}
      propertyPath: m_LocalEulerAnglesHint.y
      value: 0
      objectReference: {fileID: 0}
    - target: {fileID: 4519803183994788575, guid: f2740f52a774ec04bb1240ada02f7239,
        type: 3}
      propertyPath: m_LocalEulerAnglesHint.z
      value: 0
      objectReference: {fileID: 0}
    m_RemovedComponents: []
  m_SourcePrefab: {fileID: 100100000, guid: f2740f52a774ec04bb1240ada02f7239, type: 3}
--- !u!1001 &5239349962205895348
PrefabInstance:
  m_ObjectHideFlags: 0
  serializedVersion: 2
  m_Modification:
    m_TransformParent: {fileID: 0}
    m_Modifications:
    - target: {fileID: 5239349963751011194, guid: 85bf489b9242b6c45bd2e9951cfc6ab7,
        type: 3}
      propertyPath: m_LocalPosition.x
      value: 0
      objectReference: {fileID: 0}
    - target: {fileID: 5239349963751011194, guid: 85bf489b9242b6c45bd2e9951cfc6ab7,
        type: 3}
      propertyPath: m_LocalPosition.y
      value: 0
      objectReference: {fileID: 0}
    - target: {fileID: 5239349963751011194, guid: 85bf489b9242b6c45bd2e9951cfc6ab7,
        type: 3}
      propertyPath: m_LocalPosition.z
      value: 0
      objectReference: {fileID: 0}
    - target: {fileID: 5239349963751011194, guid: 85bf489b9242b6c45bd2e9951cfc6ab7,
        type: 3}
      propertyPath: m_LocalRotation.x
      value: 0
      objectReference: {fileID: 0}
    - target: {fileID: 5239349963751011194, guid: 85bf489b9242b6c45bd2e9951cfc6ab7,
        type: 3}
      propertyPath: m_LocalRotation.y
      value: 0
      objectReference: {fileID: 0}
    - target: {fileID: 5239349963751011194, guid: 85bf489b9242b6c45bd2e9951cfc6ab7,
        type: 3}
      propertyPath: m_LocalRotation.z
      value: 0
      objectReference: {fileID: 0}
    - target: {fileID: 5239349963751011194, guid: 85bf489b9242b6c45bd2e9951cfc6ab7,
        type: 3}
      propertyPath: m_LocalRotation.w
      value: 1
      objectReference: {fileID: 0}
    - target: {fileID: 5239349963751011194, guid: 85bf489b9242b6c45bd2e9951cfc6ab7,
        type: 3}
      propertyPath: m_RootOrder
      value: 3
      objectReference: {fileID: 0}
    - target: {fileID: 5239349963751011194, guid: 85bf489b9242b6c45bd2e9951cfc6ab7,
        type: 3}
      propertyPath: m_LocalEulerAnglesHint.x
      value: 0
      objectReference: {fileID: 0}
    - target: {fileID: 5239349963751011194, guid: 85bf489b9242b6c45bd2e9951cfc6ab7,
        type: 3}
      propertyPath: m_LocalEulerAnglesHint.y
      value: 0
      objectReference: {fileID: 0}
    - target: {fileID: 5239349963751011194, guid: 85bf489b9242b6c45bd2e9951cfc6ab7,
        type: 3}
      propertyPath: m_LocalEulerAnglesHint.z
      value: 0
      objectReference: {fileID: 0}
    - target: {fileID: 5239349963751011199, guid: 85bf489b9242b6c45bd2e9951cfc6ab7,
        type: 3}
      propertyPath: m_Name
      value: EventSystem
      objectReference: {fileID: 0}
    m_RemovedComponents: []
  m_SourcePrefab: {fileID: 100100000, guid: 85bf489b9242b6c45bd2e9951cfc6ab7, type: 3}
--- !u!1001 &6056795975780663966
PrefabInstance:
  m_ObjectHideFlags: 0
  serializedVersion: 2
  m_Modification:
    m_TransformParent: {fileID: 0}
    m_Modifications:
    - target: {fileID: 6056795976944026287, guid: 02969240490cc3d4e84e1dfc8003214a,
        type: 3}
      propertyPath: m_LocalPosition.x
      value: -3.66
      objectReference: {fileID: 0}
    - target: {fileID: 6056795976944026287, guid: 02969240490cc3d4e84e1dfc8003214a,
        type: 3}
      propertyPath: m_LocalPosition.y
      value: 2.93
      objectReference: {fileID: 0}
    - target: {fileID: 6056795976944026287, guid: 02969240490cc3d4e84e1dfc8003214a,
        type: 3}
      propertyPath: m_LocalPosition.z
      value: -2.194777
      objectReference: {fileID: 0}
    - target: {fileID: 6056795976944026287, guid: 02969240490cc3d4e84e1dfc8003214a,
        type: 3}
      propertyPath: m_LocalRotation.x
      value: -0
      objectReference: {fileID: 0}
    - target: {fileID: 6056795976944026287, guid: 02969240490cc3d4e84e1dfc8003214a,
        type: 3}
      propertyPath: m_LocalRotation.y
      value: -0
      objectReference: {fileID: 0}
    - target: {fileID: 6056795976944026287, guid: 02969240490cc3d4e84e1dfc8003214a,
        type: 3}
      propertyPath: m_LocalRotation.z
      value: -0
      objectReference: {fileID: 0}
    - target: {fileID: 6056795976944026287, guid: 02969240490cc3d4e84e1dfc8003214a,
        type: 3}
      propertyPath: m_LocalRotation.w
      value: 1
      objectReference: {fileID: 0}
    - target: {fileID: 6056795976944026287, guid: 02969240490cc3d4e84e1dfc8003214a,
        type: 3}
      propertyPath: m_RootOrder
      value: 8
      objectReference: {fileID: 0}
    - target: {fileID: 6056795976944026287, guid: 02969240490cc3d4e84e1dfc8003214a,
        type: 3}
      propertyPath: m_LocalEulerAnglesHint.x
      value: 0
      objectReference: {fileID: 0}
    - target: {fileID: 6056795976944026287, guid: 02969240490cc3d4e84e1dfc8003214a,
        type: 3}
      propertyPath: m_LocalEulerAnglesHint.y
      value: 0
      objectReference: {fileID: 0}
    - target: {fileID: 6056795976944026287, guid: 02969240490cc3d4e84e1dfc8003214a,
        type: 3}
      propertyPath: m_LocalEulerAnglesHint.z
      value: 0
      objectReference: {fileID: 0}
    - target: {fileID: 6056795976944026289, guid: 02969240490cc3d4e84e1dfc8003214a,
        type: 3}
      propertyPath: m_Name
      value: Diamond
      objectReference: {fileID: 0}
    m_RemovedComponents: []
  m_SourcePrefab: {fileID: 100100000, guid: 02969240490cc3d4e84e1dfc8003214a, type: 3}
--- !u!1001 &6227412568747072121
PrefabInstance:
  m_ObjectHideFlags: 0
  serializedVersion: 2
  m_Modification:
    m_TransformParent: {fileID: 0}
    m_Modifications:
    - target: {fileID: 6227412568617816198, guid: ef7d80ea36cb74643bbfbc583fbbc995,
        type: 3}
      propertyPath: m_LocalPosition.x
      value: -0.13928278
      objectReference: {fileID: 0}
    - target: {fileID: 6227412568617816198, guid: ef7d80ea36cb74643bbfbc583fbbc995,
        type: 3}
      propertyPath: m_LocalPosition.y
      value: 1.4987476
      objectReference: {fileID: 0}
    - target: {fileID: 6227412568617816198, guid: ef7d80ea36cb74643bbfbc583fbbc995,
        type: 3}
      propertyPath: m_LocalPosition.z
      value: 0
      objectReference: {fileID: 0}
    - target: {fileID: 6227412568617816198, guid: ef7d80ea36cb74643bbfbc583fbbc995,
        type: 3}
      propertyPath: m_LocalRotation.x
      value: 0
      objectReference: {fileID: 0}
    - target: {fileID: 6227412568617816198, guid: ef7d80ea36cb74643bbfbc583fbbc995,
        type: 3}
      propertyPath: m_LocalRotation.y
      value: 0
      objectReference: {fileID: 0}
    - target: {fileID: 6227412568617816198, guid: ef7d80ea36cb74643bbfbc583fbbc995,
        type: 3}
      propertyPath: m_LocalRotation.z
      value: 0
      objectReference: {fileID: 0}
    - target: {fileID: 6227412568617816198, guid: ef7d80ea36cb74643bbfbc583fbbc995,
        type: 3}
      propertyPath: m_LocalRotation.w
      value: 1
      objectReference: {fileID: 0}
    - target: {fileID: 6227412568617816198, guid: ef7d80ea36cb74643bbfbc583fbbc995,
        type: 3}
      propertyPath: m_RootOrder
      value: 9
      objectReference: {fileID: 0}
    - target: {fileID: 6227412568617816198, guid: ef7d80ea36cb74643bbfbc583fbbc995,
        type: 3}
      propertyPath: m_LocalEulerAnglesHint.x
      value: 0
      objectReference: {fileID: 0}
    - target: {fileID: 6227412568617816198, guid: ef7d80ea36cb74643bbfbc583fbbc995,
        type: 3}
      propertyPath: m_LocalEulerAnglesHint.y
      value: 0
      objectReference: {fileID: 0}
    - target: {fileID: 6227412568617816198, guid: ef7d80ea36cb74643bbfbc583fbbc995,
        type: 3}
      propertyPath: m_LocalEulerAnglesHint.z
      value: 0
      objectReference: {fileID: 0}
    - target: {fileID: 6227412568617816199, guid: ef7d80ea36cb74643bbfbc583fbbc995,
        type: 3}
      propertyPath: m_Name
      value: CharacterObjects
      objectReference: {fileID: 0}
    - target: {fileID: 6227412569250498955, guid: ef7d80ea36cb74643bbfbc583fbbc995,
        type: 3}
      propertyPath: levelmanager
      value: 
      objectReference: {fileID: 116940894}
    - target: {fileID: 6227412569250498955, guid: ef7d80ea36cb74643bbfbc583fbbc995,
        type: 3}
      propertyPath: PinkObject
      value: 
      objectReference: {fileID: 125572662}
    - target: {fileID: 6227412569250498955, guid: ef7d80ea36cb74643bbfbc583fbbc995,
        type: 3}
      propertyPath: GreenObject
      value: 
      objectReference: {fileID: 269482106}
    - target: {fileID: 6227412569250498955, guid: ef7d80ea36cb74643bbfbc583fbbc995,
        type: 3}
      propertyPath: Diamond
      value: 
      objectReference: {fileID: 1336901679}
    - target: {fileID: 6227412569250498955, guid: ef7d80ea36cb74643bbfbc583fbbc995,
        type: 3}
      propertyPath: Score
      value: 
      objectReference: {fileID: 333467430}
    m_RemovedComponents: []
  m_SourcePrefab: {fileID: 100100000, guid: ef7d80ea36cb74643bbfbc583fbbc995, type: 3}
--- !u!1001 &7650502281281880252
PrefabInstance:
  m_ObjectHideFlags: 0
  serializedVersion: 2
  m_Modification:
    m_TransformParent: {fileID: 0}
    m_Modifications:
    - target: {fileID: 7650502279554308100, guid: 0f964be8429dc564fa60e05f88f2f004,
        type: 3}
      propertyPath: m_LocalPosition.x
      value: -3.584927
      objectReference: {fileID: 0}
    - target: {fileID: 7650502279554308100, guid: 0f964be8429dc564fa60e05f88f2f004,
        type: 3}
      propertyPath: m_LocalPosition.y
      value: 3.0947175
      objectReference: {fileID: 0}
    - target: {fileID: 7650502279554308100, guid: 0f964be8429dc564fa60e05f88f2f004,
        type: 3}
      propertyPath: m_LocalPosition.z
      value: -0.0001
      objectReference: {fileID: 0}
    - target: {fileID: 7650502279554308100, guid: 0f964be8429dc564fa60e05f88f2f004,
        type: 3}
      propertyPath: m_LocalRotation.x
      value: 0
      objectReference: {fileID: 0}
    - target: {fileID: 7650502279554308100, guid: 0f964be8429dc564fa60e05f88f2f004,
        type: 3}
      propertyPath: m_LocalRotation.y
      value: 0
      objectReference: {fileID: 0}
    - target: {fileID: 7650502279554308100, guid: 0f964be8429dc564fa60e05f88f2f004,
        type: 3}
      propertyPath: m_LocalRotation.z
      value: 0
      objectReference: {fileID: 0}
    - target: {fileID: 7650502279554308100, guid: 0f964be8429dc564fa60e05f88f2f004,
        type: 3}
      propertyPath: m_LocalRotation.w
      value: 1
      objectReference: {fileID: 0}
    - target: {fileID: 7650502279554308100, guid: 0f964be8429dc564fa60e05f88f2f004,
        type: 3}
      propertyPath: m_RootOrder
      value: 5
      objectReference: {fileID: 0}
    - target: {fileID: 7650502279554308100, guid: 0f964be8429dc564fa60e05f88f2f004,
        type: 3}
      propertyPath: m_LocalEulerAnglesHint.x
      value: 0
      objectReference: {fileID: 0}
    - target: {fileID: 7650502279554308100, guid: 0f964be8429dc564fa60e05f88f2f004,
        type: 3}
      propertyPath: m_LocalEulerAnglesHint.y
      value: 0
      objectReference: {fileID: 0}
    - target: {fileID: 7650502279554308100, guid: 0f964be8429dc564fa60e05f88f2f004,
        type: 3}
      propertyPath: m_LocalEulerAnglesHint.z
      value: 0
      objectReference: {fileID: 0}
    - target: {fileID: 7650502279554308105, guid: 0f964be8429dc564fa60e05f88f2f004,
        type: 3}
      propertyPath: m_Name
      value: Egg
      objectReference: {fileID: 0}
    m_RemovedComponents: []
  m_SourcePrefab: {fileID: 100100000, guid: 0f964be8429dc564fa60e05f88f2f004, type: 3}
--- !u!1001 &8895342875854358796
PrefabInstance:
  m_ObjectHideFlags: 0
  serializedVersion: 2
  m_Modification:
    m_TransformParent: {fileID: 0}
    m_Modifications:
    - target: {fileID: 8895342875796018616, guid: a1317bab52ab5904da9dece6c598b471,
        type: 3}
      propertyPath: m_LocalPosition.x
      value: 5.4973574
      objectReference: {fileID: 0}
    - target: {fileID: 8895342875796018616, guid: a1317bab52ab5904da9dece6c598b471,
        type: 3}
      propertyPath: m_LocalPosition.y
      value: -3.6608596
      objectReference: {fileID: 0}
    - target: {fileID: 8895342875796018616, guid: a1317bab52ab5904da9dece6c598b471,
        type: 3}
      propertyPath: m_LocalPosition.z
      value: -2.151617
      objectReference: {fileID: 0}
    - target: {fileID: 8895342875796018616, guid: a1317bab52ab5904da9dece6c598b471,
        type: 3}
      propertyPath: m_LocalRotation.x
      value: 0
      objectReference: {fileID: 0}
    - target: {fileID: 8895342875796018616, guid: a1317bab52ab5904da9dece6c598b471,
        type: 3}
      propertyPath: m_LocalRotation.y
      value: 0
      objectReference: {fileID: 0}
    - target: {fileID: 8895342875796018616, guid: a1317bab52ab5904da9dece6c598b471,
        type: 3}
      propertyPath: m_LocalRotation.z
      value: 0
      objectReference: {fileID: 0}
    - target: {fileID: 8895342875796018616, guid: a1317bab52ab5904da9dece6c598b471,
        type: 3}
      propertyPath: m_LocalRotation.w
      value: 1
      objectReference: {fileID: 0}
    - target: {fileID: 8895342875796018616, guid: a1317bab52ab5904da9dece6c598b471,
        type: 3}
      propertyPath: m_RootOrder
      value: 6
      objectReference: {fileID: 0}
    - target: {fileID: 8895342875796018616, guid: a1317bab52ab5904da9dece6c598b471,
        type: 3}
      propertyPath: m_LocalEulerAnglesHint.x
      value: 0
      objectReference: {fileID: 0}
    - target: {fileID: 8895342875796018616, guid: a1317bab52ab5904da9dece6c598b471,
        type: 3}
      propertyPath: m_LocalEulerAnglesHint.y
      value: 0
      objectReference: {fileID: 0}
    - target: {fileID: 8895342875796018616, guid: a1317bab52ab5904da9dece6c598b471,
        type: 3}
      propertyPath: m_LocalEulerAnglesHint.z
      value: 0
      objectReference: {fileID: 0}
    - target: {fileID: 8895342875796018623, guid: a1317bab52ab5904da9dece6c598b471,
        type: 3}
      propertyPath: m_Name
      value: GreenObjects
      objectReference: {fileID: 0}
    m_RemovedComponents: []
  m_SourcePrefab: {fileID: 100100000, guid: a1317bab52ab5904da9dece6c598b471, type: 3}
--- !u!1001 &9139810727211546571
PrefabInstance:
  m_ObjectHideFlags: 0
  serializedVersion: 2
  m_Modification:
    m_TransformParent: {fileID: 0}
    m_Modifications:
    - target: {fileID: 9139810725177409326, guid: 5dcd48d954108c54d857a16bd24a823d,
        type: 3}
      propertyPath: m_OnClick.m_PersistentCalls.m_Calls.Array.data[0].m_Target
      value: 
      objectReference: {fileID: 1711428594}
    - target: {fileID: 9139810725177409326, guid: 5dcd48d954108c54d857a16bd24a823d,
        type: 3}
      propertyPath: m_OnClick.m_PersistentCalls.m_Calls.Array.data[1].m_Target
      value: 
      objectReference: {fileID: 125572663}
    - target: {fileID: 9139810725177409326, guid: 5dcd48d954108c54d857a16bd24a823d,
        type: 3}
      propertyPath: m_OnClick.m_PersistentCalls.m_Calls.Array.data[2].m_Target
      value: 
      objectReference: {fileID: 269482107}
    - target: {fileID: 9139810725292329878, guid: 5dcd48d954108c54d857a16bd24a823d,
        type: 3}
      propertyPath: m_OnClick.m_PersistentCalls.m_Calls.Array.data[0].m_Target
      value: 
      objectReference: {fileID: 1928445081}
    - target: {fileID: 9139810726381040487, guid: 5dcd48d954108c54d857a16bd24a823d,
        type: 3}
      propertyPath: m_Name
      value: Canvas
      objectReference: {fileID: 0}
    - target: {fileID: 9139810726381040507, guid: 5dcd48d954108c54d857a16bd24a823d,
        type: 3}
      propertyPath: m_LocalPosition.x
      value: 0
      objectReference: {fileID: 0}
    - target: {fileID: 9139810726381040507, guid: 5dcd48d954108c54d857a16bd24a823d,
        type: 3}
      propertyPath: m_LocalPosition.y
      value: 0
      objectReference: {fileID: 0}
    - target: {fileID: 9139810726381040507, guid: 5dcd48d954108c54d857a16bd24a823d,
        type: 3}
      propertyPath: m_LocalPosition.z
      value: 0
      objectReference: {fileID: 0}
    - target: {fileID: 9139810726381040507, guid: 5dcd48d954108c54d857a16bd24a823d,
        type: 3}
      propertyPath: m_LocalRotation.x
      value: 0
      objectReference: {fileID: 0}
    - target: {fileID: 9139810726381040507, guid: 5dcd48d954108c54d857a16bd24a823d,
        type: 3}
      propertyPath: m_LocalRotation.y
      value: 0
      objectReference: {fileID: 0}
    - target: {fileID: 9139810726381040507, guid: 5dcd48d954108c54d857a16bd24a823d,
        type: 3}
      propertyPath: m_LocalRotation.z
      value: 0
      objectReference: {fileID: 0}
    - target: {fileID: 9139810726381040507, guid: 5dcd48d954108c54d857a16bd24a823d,
        type: 3}
      propertyPath: m_LocalRotation.w
      value: 1
      objectReference: {fileID: 0}
    - target: {fileID: 9139810726381040507, guid: 5dcd48d954108c54d857a16bd24a823d,
        type: 3}
      propertyPath: m_RootOrder
      value: 2
      objectReference: {fileID: 0}
    - target: {fileID: 9139810726381040507, guid: 5dcd48d954108c54d857a16bd24a823d,
        type: 3}
      propertyPath: m_LocalEulerAnglesHint.x
      value: 0
      objectReference: {fileID: 0}
    - target: {fileID: 9139810726381040507, guid: 5dcd48d954108c54d857a16bd24a823d,
        type: 3}
      propertyPath: m_LocalEulerAnglesHint.y
      value: 0
      objectReference: {fileID: 0}
    - target: {fileID: 9139810726381040507, guid: 5dcd48d954108c54d857a16bd24a823d,
        type: 3}
      propertyPath: m_LocalEulerAnglesHint.z
      value: 0
      objectReference: {fileID: 0}
    - target: {fileID: 9139810726381040507, guid: 5dcd48d954108c54d857a16bd24a823d,
        type: 3}
      propertyPath: m_AnchoredPosition.x
      value: 0
      objectReference: {fileID: 0}
    - target: {fileID: 9139810726381040507, guid: 5dcd48d954108c54d857a16bd24a823d,
        type: 3}
      propertyPath: m_AnchoredPosition.y
      value: 0
      objectReference: {fileID: 0}
    - target: {fileID: 9139810726381040507, guid: 5dcd48d954108c54d857a16bd24a823d,
        type: 3}
      propertyPath: m_SizeDelta.x
      value: 0
      objectReference: {fileID: 0}
    - target: {fileID: 9139810726381040507, guid: 5dcd48d954108c54d857a16bd24a823d,
        type: 3}
      propertyPath: m_SizeDelta.y
      value: 0
      objectReference: {fileID: 0}
    - target: {fileID: 9139810726381040507, guid: 5dcd48d954108c54d857a16bd24a823d,
        type: 3}
      propertyPath: m_AnchorMin.x
      value: 0
      objectReference: {fileID: 0}
    - target: {fileID: 9139810726381040507, guid: 5dcd48d954108c54d857a16bd24a823d,
        type: 3}
      propertyPath: m_AnchorMin.y
      value: 0
      objectReference: {fileID: 0}
    - target: {fileID: 9139810726381040507, guid: 5dcd48d954108c54d857a16bd24a823d,
        type: 3}
      propertyPath: m_AnchorMax.x
      value: 0
      objectReference: {fileID: 0}
    - target: {fileID: 9139810726381040507, guid: 5dcd48d954108c54d857a16bd24a823d,
        type: 3}
      propertyPath: m_AnchorMax.y
      value: 0
      objectReference: {fileID: 0}
    - target: {fileID: 9139810726381040507, guid: 5dcd48d954108c54d857a16bd24a823d,
        type: 3}
      propertyPath: m_Pivot.x
      value: 0
      objectReference: {fileID: 0}
    - target: {fileID: 9139810726381040507, guid: 5dcd48d954108c54d857a16bd24a823d,
        type: 3}
      propertyPath: m_Pivot.y
      value: 0
      objectReference: {fileID: 0}
    - target: {fileID: 9139810727000282691, guid: 5dcd48d954108c54d857a16bd24a823d,
        type: 3}
      propertyPath: m_OnClick.m_PersistentCalls.m_Calls.Array.data[0].m_Target
      value: 
      objectReference: {fileID: 116940895}
    m_RemovedComponents: []
  m_SourcePrefab: {fileID: 100100000, guid: 5dcd48d954108c54d857a16bd24a823d, type: 3}
